%===============================================================================
% template_first.bib
%===============================================================================

@STRING{SV={Springer--Verlag}}
@STRING{LNCS={LNCS, vol.~}}

%-------------------------------------------------------------------------------
% B
%-------------------------------------------------------------------------------

@ARTICLE{Basten2004
, AUTHOR      = {T. Basten and D. Bo{\v s}na{\v c}ki and M. Geilen}
, TITLE       = {Cluster-Based Partial-Order Reduction}
, JOURNAL     = {Automated Software Engineering}
, VOLUME      = {11}
, NUMBER      = {4}
, MONTH       = OCT
, YEAR        = {2004}
, PAGES       = {365--402}
}

%-------------------------------------------------------------------------------
% C
%-------------------------------------------------------------------------------

@BOOK{Clarke2000
, AUTHOR      = {E. M. Clarke and O. Grumberg and D. A. Peled}
, TITLE       = {Model Checking}
, YEAR        = {1999}
, PUBLISHER   = {MIT Press}
}

%===============================================================================
% End of template_first.bib
%===============================================================================

